@article{grover2002creating,
  title={Creating superpositions that correspond to efficiently integrable probability distributions},
  author={Grover, Lov and Rudolph, Terry},
  journal={arXiv preprint quant-ph/0208112},
  year={2002}
}

@book{kaye2007introduction,
  title={An introduction to quantum computing},
  author={Kaye, Phillip and Laflamme, Raymond and Mosca, Michele and others},
  year={2007},
  publisher={Oxford University Press}
}

@article{d2003quantum,
  title={Quantum tomography},
  author={D'Ariano, G Mauro and Paris, Matteo GA and Sacchi, Massimiliano F},
  journal={Advances in Imaging and Electron Physics},
  volume={128},
  pages={206--309},
  year={2003},
  publisher={San Diego: Academic Press, c1995-}
}

@article{cramer2010efficient,
  title={Efficient quantum state tomography},
  author={Cramer, Marcus and Plenio, Martin B and Flammia, Steven T and Somma, Rolando and Gross, 
  David and Bartlett, Stephen D and Landon-Cardinal, Olivier and Poulin, David and Liu, Yi-Kai},
  journal={Nature communications},
  volume={1},
  pages={149},
  year={2010},
  publisher={Nature Publishing Group}
}

@inproceedings{gurvits2003classical,
  title={Classical deterministic complexity of Edmonds' Problem and quantum entanglement},
  author={Gurvits, Leonid},
  booktitle={Proceedings of the thirty-fifth annual ACM symposium on Theory of computing},
  pages={10--19},
  year={2003},
  organization={ACM}
}

@article{gharibian2010strong,
  title={Strong NP-hardness of the quantum separability problem},
  author={Gharibian, Sevag},
  journal={Quantum Information \& Computation},
  volume={10},
  number={3},
  pages={343--360},
  year={2010},
  publisher={Rinton Press, Incorporated}
}

@article{buvzek1998universal,
  title={Universal optimal cloning of arbitrary quantum states: from qubits to quantum registers},
  author={Bu{\v{z}}ek, Vladim{\'\i}r and Hillery, Mark},
  journal={Physical review letters},
  volume={81},
  number={22},
  pages={5003},
  year={1998},
  publisher={APS}
}

@article{fan2001quantum,
  title={Quantum cloning machines of a d-level system},
  author={Fan, Heng and Matsumoto, Keiji and Wadati, Miki},
  journal={Physical Review A},
  volume={64},
  number={6},
  pages={064301},
  year={2001},
  publisher={APS}
}

@article{werner1998optimal,
  title={Optimal cloning of pure states},
  author={Werner, Reinhard F},
  journal={Physical Review A},
  volume={58},
  number={3},
  pages={1827},
  year={1998},
  publisher={APS}
}

@article{niu1999two,
  title={Two-qubit copying machine for economical quantum eavesdropping},
  author={Niu, Chi-Sheng and Griffiths, Robert B},
  journal={Physical Review A},
  volume={60},
  number={4},
  pages={2764},
  year={1999},
  publisher={APS}
}

@article{bernstein1997quantum,
  title={Quantum complexity theory},
  author={Bernstein, Ethan and Vazirani, Umesh},
  journal={SIAM Journal on computing},
  volume={26},
  number={5},
  pages={1411--1473},
  year={1997},
  publisher={SIAM}
}

@article{deutsch1985quantum,
  title={Quantum theory, the Church-Turing principle and the universal quantum computer},
  author={Deutsch, David},
  journal={Proc. R. Soc. Lond. A},
  volume={400},
  number={1818},
  pages={97--117},
  year={1985},
  publisher={The Royal Society}
}

@book{watrous2018theory,
  title={The theory of quantum information},
  author={Watrous, John},
  year={2018},
  publisher={Cambridge University Press}
}

@article{kuperberg2005subexponential,
  title={A subexponential-time quantum algorithm for the dihedral hidden subgroup problem},
  author={Kuperberg, Greg},
  journal={SIAM Journal on Computing},
  volume={35},
  number={1},
  pages={170--188},
  year={2005},
  publisher={SIAM}
}

@article{guhne2009entanglement,
  title={Entanglement detection},
  author={G{\"u}hne, Otfried and T{\'o}th, G{\'e}za},
  journal={Physics Reports},
  volume={474},
  number={1-6},
  pages={1--75},
  year={2009},
  publisher={Elsevier}
}

@article{leinaas2006geometrical,
  title={Geometrical aspects of entanglement},
  author={Leinaas, Jon Magne and Myrheim, Jan and Ovrum, Eirik},
  journal={Physical Review A},
  volume={74},
  number={1},
  pages={012313},
  year={2006},
  publisher={APS}
}

@article{scarani2005quantum,
  title={Quantum cloning},
  author={Scarani, Valerio and Iblisdir, Sofyan and Gisin, Nicolas and Acin, Antonio},
  journal={Reviews of Modern Physics},
  volume={77},
  number={4},
  pages={1225},
  year={2005},
  publisher={APS}
}

@article{buvzek1996quantum,
  title={Quantum copying: Beyond the no-cloning theorem},
  author={Bu{\v{z}}ek, Vladimir and Hillery, Mark},
  journal={Physical Review A},
  volume={54},
  number={3},
  pages={1844},
  year={1996},
  publisher={APS}
}

@inproceedings{RenierisR03,
  author    = {Manos Renieris and
               Steven P. Reiss},
  title     = {Fault Localization With Nearest Neighbor Queries},
  booktitle = {18th {IEEE} International Conference on Automated Software Engineering
               {(ASE} 2003), 6-10 October 2003, Montreal, Canada},
  pages     = {30--39},
  year      = {2003},
  url       = {https://doi.org/10.1109/ASE.2003.1240292},
  doi       = {10.1109/ASE.2003.1240292},
  timestamp = {Tue, 23 May 2017 01:06:51 +0200},
  biburl    = {https://dblp.org/rec/bib/conf/kbse/RenierisR03},
  bibsource = {dblp computer science bibliography, https://dblp.org}
}

@inproceedings{CleveZ05,
  author    = {Holger Cleve and
               Andreas Zeller},
  title     = {Locating causes of program failures},
  booktitle = {27th International Conference on Software Engineering {(ICSE} 2005),
               15-21 May 2005, St. Louis, Missouri, {USA}},
  pages     = {342--351},
  year      = {2005},
  url       = {https://doi.org/10.1145/1062455.1062522},
  doi       = {10.1145/1062455.1062522},
  timestamp = {Tue, 12 Feb 2019 15:51:45 +0100},
  biburl    = {https://dblp.org/rec/bib/conf/icse/CleveZ05},
  bibsource = {dblp computer science bibliography, https://dblp.org}
}

@inproceedings{DuttaLHM18,
  author    = {Saikat Dutta and
               Owolabi Legunsen and
               Zixin Huang and
               Sasa Misailovic},
  title     = {Testing probabilistic programming systems},
  booktitle = {Proceedings of the 2018 {ACM} Joint Meeting on European Software Engineering
               Conference and Symposium on the Foundations of Software Engineering,
               {ESEC/SIGSOFT} {FSE} 2018, Lake Buena Vista, FL, USA, November 04-09,
               2018},
  pages     = {574--586},
  year      = {2018},
  url       = {https://doi.org/10.1145/3236024.3236057},
  doi       = {10.1145/3236024.3236057},
  timestamp = {Wed, 21 Nov 2018 12:44:26 +0100},
  biburl    = {https://dblp.org/rec/bib/conf/sigsoft/DuttaLHM18},
  bibsource = {dblp computer science bibliography, https://dblp.org}
}

@inproceedings{DuttaZHM19,
  author    = {Saikat Dutta and
               Wenxian Zhang and
               Zixin Huang and
               Sasa Misailovic},
  title     = {Storm: program reduction for testing and debugging probabilistic programming
               systems},
  booktitle = {Proceedings of the {ACM} Joint Meeting on European Software Engineering
               Conference and Symposium on the Foundations of Software Engineering,
               {ESEC/SIGSOFT} {FSE} 2019, Tallinn, Estonia, August 26-30, 2019.},
  pages     = {729--739},
  year      = {2019},
  url       = {https://doi.org/10.1145/3338906.3338972},
  doi       = {10.1145/3338906.3338972},
  timestamp = {Fri, 09 Aug 2019 14:13:18 +0200},
  biburl    = {https://dblp.org/rec/bib/conf/sigsoft/0001ZHM19},
  bibsource = {dblp computer science bibliography, https://dblp.org}
}

@article{cross2017open,
  title={Open quantum assembly language},
  author={Cross, Andrew W and Bishop, Lev S and Smolin, John A and Gambetta, Jay M},
  journal={arXiv preprint arXiv:1707.03429},
  year={2017}
}

@book{myers2011art,
  title={The art of software testing},
  author={Myers, Glenford J and Sandler, Corey and Badgett, Tom},
  year={2011},
  edition={3},
  publisher={John Wiley \& Sons}
}

@inproceedings{miranskyy2019testing,
  author    = {Andriy V. Miranskyy and
               Lei Zhang},
  title     = {On testing quantum programs},
  booktitle = {Proceedings of the 41st International Conference on Software Engineering:
               New Ideas and Emerging Results, {ICSE} {(NIER)} 2019},
  pages     = {57--60},
  year      = {2019},
  url       = {https://doi.org/10.1109/ICSE-NIER.2019.00023},
  doi       = {10.1109/ICSE-NIER.2019.00023},
  timestamp = {Thu, 29 Aug 2019 13:57:22 +0200},
  biburl    = {https://dblp.org/rec/bib/conf/icse/Miranskyy019},
  bibsource = {dblp computer science bibliography, https://dblp.org}
}

@book{nielsen2010quantum, 
    place={Cambridge}, 
    title={Quantum Computation and Quantum Information: 10th Anniversary Edition}, 
    DOI1={10.1017/CBO9780511976667}, 
    publisher={Cambridge Univ. Press}, 
    author={Nielsen, Michael A. and Chuang, Isaac L.}, 
    year={2010}
}

@book{pressman2014software,
  title={Software engineering: a practitioner's approach},
  author={Pressman, Roger S and Maxim, Bruce R.},
  year={2014},
  edition={8},
  publisher={McGraw-Hill}
}

@inproceedings{huang2019statistical,
  author    = {Yipeng Huang and
               Margaret Martonosi},
  title     = {Statistical assertions for validating patterns and finding bugs in
               quantum programs},
  booktitle = {Proceedings of the 46th International Symposium on Computer Architecture,
               {ISCA} 2019, Phoenix, AZ, USA, June 22-26, 2019},
  pages     = {541--553},
  year      = {2019},
  url       = {https://doi.org/10.1145/3307650.3322213},
  doi       = {10.1145/3307650.3322213},
  timestamp = {Fri, 14 Jun 2019 09:53:38 +0200},
  biburl    = {https://dblp.org/rec/bib/conf/isca/0001M19},
  bibsource = {dblp computer science bibliography, https://dblp.org}
}

@inproceedings{JavadiAbhari2014ScaffCC,
  author    = {Ali JavadiAbhari and
               Shruti Patil and
               Daniel Kudrow and
               Jeff Heckey and
               Alexey Lvov and
               Frederic T. Chong and
               Margaret Martonosi},
  title     = {ScaffCC: a framework for compilation and analysis of quantum computing
               programs},
  booktitle = {Proc. of Computing Frontiers Conference, CF'14},
  pages     = {1:1--1:10},
  year      = {2014},
  url       = {https://doi.org/10.1145/2597917.2597939},
  doi       = {10.1145/2597917.2597939},
  timestamp = {Tue, 06 Nov 2018 11:07:32 +0100},
  biburl    = {https://dblp.org/rec/bib/conf/cf/JavadiAbhariPKHLCM14},
  bibsource = {dblp computer science bibliography, https://dblp.org}
}

@article{zhou2019quantum,
author={H. {Zhou} and G. T. {Byrd}},
journal={IEEE Computer Architecture Letters},
title={Quantum Circuits for Dynamic Runtime Assertions in Quantum Computation},
year={2019},
volume={18},
number={2},
pages={111-114},
month={July}
}

@misc{ibm_quantum,
	title = {{IBM Q Experience}},
	url = {https://quantum-computing.ibm.com/},
	note = {Accessed on 2019-09-14}
}

@misc{google2018,
    author={Julian Kelly},
	title = {{Google AI Blog: A Preview of Bristlecone, Google’s New Quantum Processor}},
	year={2018},
	url = {https://ai.googleblog.com/2018/03/a-preview-of-bristlecone-googles-new.html},
	note = {Accessed on 2019-09-14},
}

@misc{Nevenlaw,
    author={Kevin Hartnett},
    year={2019},
	title = {{A New Law to Describe Quantum Computing's Rise?}},
	url = {https://www.quantamagazine.org/does-nevens-law-describe-quantum-computings-rise-20190618/},
	note = {Accessed on 2019-09-14},
}

@misc{ibm2022,
    author={Cal Jeffrey},
    year={2019},
	title = {{IBM VP says quantum computer commercialization coming in next 3--5 years}},
	url = {https://www.techspot.com/news/80222-ibm-vp-quantum-computer-commercialization-coming-next-3.html},
	note = {Accessed on 2019-09-14},
}

@article{mosca2018cybersecurity,
  title={Cybersecurity in an era with quantum computers: will we be ready?},
  author={Mosca, Michele},
  journal={IEEE Security \& Privacy},
  volume={16},
  number={5},
  pages={38--41},
  year={2018},
  publisher={IEEE}
}

@misc{Qiskit,
       author = {H{\'e}ctor Abraham and others},
       title = {Qiskit: An Open-source Framework for Quantum Computing},
       year = {2019},
       doi = {10.5281/zenodo.2562110}
}


@inproceedings{zeller09debugging,
  author    = {Andreas Zeller},
  title     = {Debugging debugging: acm sigsoft impact paper award keynote},
  booktitle = {{ACM} {SIGSOFT} 2009, Amsterdam, The Netherlands, August
               24-28, 2009},
  pages     = {263--264},
  year      = {2009},
  url       = {https://doi.org/10.1145/1595696.1595736},
  doi       = {10.1145/1595696.1595736},
  timestamp = {Tue, 06 Nov 2018 16:59:23 +0100},
  biburl    = {https://dblp.org/rec/bib/conf/sigsoft/Zeller09},
  bibsource = {dblp computer science bibliography, https://dblp.org}
}

@inproceedings{TufanoWBPWP18,
  author    = {Michele Tufano and
               Cody Watson and
               Gabriele Bavota and
               Massimiliano Di Penta and
               Martin White and
               Denys Poshyvanyk},
  title     = {An empirical investigation into learning bug-fixing patches in the
               wild via neural machine translation},
  booktitle = {{ASE} 2018, Montpellier, France, September 3-7,
               2018},
  pages     = {832--837},
  year      = {2018},
  url       = {https://doi.org/10.1145/3238147.3240732},
  doi       = {10.1145/3238147.3240732},
  timestamp = {Wed, 21 Nov 2018 12:44:20 +0100},
  biburl    = {https://dblp.org/rec/bib/conf/kbse/TufanoWBPWP18},
  bibsource = {dblp computer science bibliography, https://dblp.org}
}

@inproceedings{ZhouCLL10,
  author    = {Yangfan Zhou and
               Xinyu Chen and
               Michael R. Lyu and
               Jiangchuan Liu},
  title     = {Sentomist: Unveiling Transient Sensor Network Bugs via Symptom Mining},
  booktitle = {2010 International Conference on Distributed Computing Systems, {ICDCS}
               2010, Genova, Italy, June 21-25, 2010},
  pages     = {784--794},
  year      = {2010},
  url       = {https://doi.org/10.1109/ICDCS.2010.75},
  doi       = {10.1109/ICDCS.2010.75},
  timestamp = {Sun, 21 May 2017 00:17:43 +0200},
  biburl    = {https://dblp.org/rec/bib/conf/icdcs/ZhouCLL10},
  bibsource = {dblp computer science bibliography, https://dblp.org}
}

@inproceedings{MargineanBCH0MM19,
  author    = {Alexandru Marginean and
               J. Bader and
               S. Chandra and
               Mark Harman and
               Yue Jia and
               Ke Mao and
               Alexander Mols and
               A. Scott},
  title     = {SapFix: automated end-to-end repair at scale},
  booktitle = {{ICSE} {(SEIP)} 2019},
  pages     = {269--278},
  year      = {2019},
  url       = {https://doi.org/10.1109/ICSE-SEIP.2019.00039},
  doi       = {10.1109/ICSE-SEIP.2019.00039},
  timestamp = {Thu, 29 Aug 2019 13:57:22 +0200},
  biburl    = {https://dblp.org/rec/bib/conf/icse/MargineanBCH0MM19},
  bibsource = {dblp computer science bibliography, https://dblp.org}
}


@inproceedings{TufanoPWBP19,
  author    = {Michele Tufano and
               Jevgenija Pantiuchina and
               Cody Watson and
               Gabriele Bavota and
               Denys Poshyvanyk},
  title     = {On learning meaningful code changes via neural machine translation},
  booktitle = {Proceedings of the 41st International Conference on Software Engineering,
               {ICSE} 2019, Montreal, QC, Canada, May 25-31, 2019},
  pages     = {25--36},
  year      = {2019},
  url       = {https://doi.org/10.1109/ICSE.2019.00021},
  doi       = {10.1109/ICSE.2019.00021},
  timestamp = {Thu, 29 Aug 2019 13:57:22 +0200},
  biburl    = {https://dblp.org/rec/bib/conf/icse/TufanoPWBP19},
  bibsource = {dblp computer science bibliography, https://dblp.org}
}
